<?xml version="1.0" encoding="UTF-8"?><collection xmlns="http://www.loc.gov/MARC21/slim"><record><leader>00530nam--2200169-i-4500</leader><controlfield tag="001">000046005</controlfield><controlfield tag="002">20161230</controlfield><controlfield tag="005">20161230201045</controlfield><controlfield tag="008">060222s1000------------r-----000-0-eng-d</controlfield><datafield ind1=" " ind2=" " tag="020"><subfield code="a">9971950006</subfield></datafield><datafield ind1=" " ind2=" " tag="080"><subfield code="a">539.126.6(061.3)</subfield></datafield><datafield ind1="1" ind2=" " tag="100"><subfield code="a">Vandewalle,R.T</subfield></datafield><datafield ind1="1" ind2="0" tag="245"><subfield code="a">Partons in soft-hadronic processes</subfield><subfield code="b">Proceedings of the europhysics study conference, erice, italy, march 8-14, 1981</subfield><subfield code="c">R.t. van de walle</subfield></datafield><datafield ind1=" " ind2=" " tag="260"><subfield code="a">Singapore</subfield><subfield code="b">World Scientific</subfield><subfield code="c">1981</subfield></datafield><datafield ind1=" " ind2=" " tag="300"><subfield code="a">331P</subfield></datafield><datafield ind1=" " ind2=" " tag="852"><subfield code="a">70270</subfield><subfield code="c">539.12</subfield></datafield><datafield ind1=" " ind2=" " tag="CAT"><subfield code="a">Sys</subfield><subfield code="c">20111208</subfield><subfield code="h">162810</subfield></datafield></record></collection>